@comment{x-kbibtex-personnameformatting=<%f ><%l><, %s>}

@article{KALMANandSMOOTHING,
	abstract = "In this paper, we present an UHF RFID location tracking system, which is based on measuring the phases of back- scattered signals from RFID tag using multiple spatially distributed antennas ata singlecarrier frequency. Thewavelengthambiguityof the phase measurements is resolved by using the extended Kalman ﬁlter (EKF) and the Rauch-Tung-Striebel (RTS) smoother, where the state includes the position, velocity and the phase offsets of antennas. The performance of themethodis experimentally",
	author = "{Simo S{\"a}rkk{\"a}} and Kaarle Jaakkola and Ville V. Viikari Miika Huusko",
	language = "USenglish",
	month = "February",
	title = "{Phase-Based UHF RFID Tracking With Nonlinear Kalman Filtering and Smoothing}",
	year = 2012
}

@misc{GITHUB,
	author = "github.com",
	howpublished = "\url{https:/github.com}",
	keywords = "Web Based Version Control",
	localfile = "http://github.com",
	note = "[Online, zuletzt gepr{\"u}ft am 30.4.2013]",
	title = "{GitHub --- Repository Host}",
	year = "2013"
}

@inbook{Hansen:1,
	author = "Nikolaus Hansen",
	booktitle = "{A Tutorial}",
	month = "Juni",
	title = "{The CMA Evolution Strategy}",
	url = "https://www.lri.fr/~hansen",
	year = "2011"
}

@misc{Wiki:1,
	author = "Wikipedia",
	howpublished = "\url{http://de.wikipedia.org/w/index.php?title=Kalman-Filter\&oldid=116893284}",
	note = "[Online; zuletzt editiert am 4-April-2013]",
	title = "{Kalman-Filter --- {W}ikipedia{,} The Free Encyclopedia}",
	url = "http://de.wikipedia.org/w/index.php?title=Kalman-Filter&oldid=116893284",
	year = "2013"
}

@article{Shark:1,
	author = "Christian Igel and Verena Heidrich-Meisner and Tobias Glasmachers",
	journal = "Journal of Machine Learning Research",
	pages = "993--996",
	title = "{Shark}",
	url = "http://image.diku.dk/shark/sphinx_pages/build/html/index.html",
	volume = "9",
	year = "2008"
}


@thesis{Muz1,
	author = {Muzalewski, Mathäus},
	title = {Einsatz von Lernverfahren zur
	Interpolation von Positionsdaten eines
	RFID-basierten Navigationssystems},
	type = {Bachelor Thesis},
	institution = {Institut für Neuroinformatik},
	date = {12. August 2011},
	year = 2011,
	month = August,
	language = {German DE}
}

@article{Wil1,
author = {Wille, Andreas, Winter, Susanne},
title = {Medical Navigation Based on RFID Tag Signals:
Model and Simulation},
journaltitle = {Biomed Tech},
date = {2010},
volume = {55},	
year = 2010,
pubstate = {2010},
doi = {10.1515},
}
