@comment{x-kbibtex-personnameformatting=<%f ><%l><, %s>}

@UNPUBLISHED{
   bibtex,
   author = "Oren Patashnik",
   title = "{{\BibTeX}ing}",
   note = "Documentation for general {\BibTeX} users",
   month = "8$^{th}$~" # feb,
   language = "USenglish",
   year = 1988 }

