% NIPS

% Advances in Neural Information Processings Systems (NIPS)

@proceedings{NIPS88,
    key          = "NIPS88",
    editor       = "David S. Touretzky",
    title        = "Advances in Neural Information Processings Systems 1
                    (Proc. IEEE Conf. NIPS'88)",
    booktitle    = "Advances in Neural Information Processings Systems 1
                    (Proc. IEEE Conf. NIPS'88)",
    publisher    = "Morgan Kaufmann Publishers",
    address      = "San Mateo, CA",
    year         = 1989
}

@proceedings{NIPS89,
    key          = "NIPS89",
    editor       = "David S. Touretzky",
    title        = "Advances in Neural Information Processings Systems 2
                    (Proc. IEEE Conf. NIPS'89, held 27-30 Nov 1989 in
                     Denver, Colorado)",
    booktitle    = "Advances in Neural Information Processings Systems 2
                    (Proc. IEEE Conf. NIPS'89, held 27-30 Nov 1989 in
                     Denver, Colorado)",
    publisher    = "Morgan Kaufmann Publishers",
    address      = "San Mateo, CA",
    year         = 1990
}

@proceedings{NIPS90,
    key          = "NIPS90",
    editor       = "Richard P. Lippmann and John E. Moody and David S.
                    Touretzky",
    title        = "Advances in Neural Information Processings Systems 3
                    (Proc. IEEE Conf. NIPS'90, held 26-29 Nov 1990 in Denver,
                     Colorado)",
    booktitle    = "Advances in Neural Information Processings Systems 3
                    (Proc. IEEE Conf. NIPS'90, held 26-29 Nov 1990 in Denver,
                     Colorado)",
    publisher    = "Morgan Kaufmann Publishers",
    address      = "San Mateo, CA",
    year         = 1991
}

@proceedings{NIPS91,
    key          = "NIPS91",
    editor       = "John E. Moody and Stephen J. Hanson and Richard P.
                    Lippmann",
    title        = "Advances in Neural Information Processings Systems 4
                    (Proc. IEEE Conf. NIPS'91, held 2-5 Dec 1991 in Denver,
                     Colorado)",
    booktitle    = "Advances in Neural Information Processings Systems 4
                    (Proc. IEEE Conf. NIPS'91, held 2-5 Dec 1991 in Denver,
                     Colorado)",
    publisher    = "Morgan Kaufmann Publishers",
    address      = "San Mateo, CA",
    year         = 1992
}

@proceedings{NIPS92,
    key          = "NIPS92",
    editor       = "Stephen J. Hanson and Jack D. Cowan and C. Lee Giles",
    title        = "Advances in Neural Information Processings Systems 5
                    (Proc. IEEE Conf. NIPS'92, held 30 Nov - 3 Dec 1992 in
                     Denver, Colorado)",
    booktitle    = "Advances in Neural Information Processings Systems 5
                    (Proc. IEEE Conf. NIPS'92, held 30 Nov - 3 Dec 1992 in
                     Denver, Colorado)",
    publisher    = "Morgan Kaufmann Publishers",
    address      = "San Mateo, CA",
    year         = 1993
}

@proceedings{NIPS93,
    key          = "NIPS93",
    editor       = "Jack D. Cowan and Gerald Tesauro and Joshua Alspector",
    title        = "Advances in Neural Information Processings Systems 6
                    (Proc. IEEE Conf. NIPS'93, held 29 Nov - 2 Dec 1993 in
                     Denver, Colorado)",
    booktitle    = "Advances in Neural Information Processings Systems 6
                    (Proc. IEEE Conf. NIPS'93, held 29 Nov - 2 Dec 1993 in
                     Denver, Colorado)",
    publisher    = "Morgan Kaufmann Publishers",
    address      = "San Francisco, CA",
    year         = 1994
}

@proceedings{NIPS94,
    key          = "NIPS94",
    editor       = "",
    title        = "Advances in Neural Information Processings Systems 7
                    (Proc. IEEE Conf. NIPS'94)",
    booktitle    = "Advances in Neural Information Processings Systems 7
                    (Proc. IEEE Conf. NIPS'94)",
    publisher    = "",
    address      = "",
    year         = 1995
}

@proceedings{NIPS95,
    key          = "NIPS95",
    editor       = "",
    title        = "Advances in Neural Information Processings Systems 8
                    (Proc. IEEE Conf. NIPS'95)",
    booktitle    = "Advances in Neural Information Processings Systems 8
                    (Proc. IEEE Conf. NIPS'95)",
    publisher    = "",
    address      = "",
    year         = 1996
}

@proceedings{NIPS96,
    key          = "NIPS96",
    editor       = "",
    title        = "Advances in Neural Information Processings Systems 9
                    (Proc. IEEE Conf. NIPS'96)",
    booktitle    = "Advances in Neural Information Processings Systems 9
                    (Proc. IEEE Conf. NIPS'96)",
    publisher    = "",
    address      = "",
    year         = 1997
}


% ICANN

% Proc. ICANN'93, Int. Conf. on ...
@proceedings{ICANN93,
    key          = "ICANN93",
    editor       = "Stan Gielen and Bert Kappen",
    title        = "Proceedings of the International Conference on Artificial
                    Neural Networks (ICANN'93, held 1993 in Amsterdam)",
    booktitle    = "Proceedings of the International Conference on Artificial
                    Neural Networks (ICANN'93, held 1993 in Amsterdam)",
    year         = "1993",
    address      = "London, UK",
    publisher    = "Springer"
}

@proceedings{ICANN94-I,
    key          = "ICANN94-I",
    editor       = "Maria Marinaro and Pietro G. Morasso",
    title        = "Proceedings of the International Conference on Artificial
                    Neural Networks (ICANN'94)",
    booktitle    = "Proceedings of the International Conference on Artificial
                    Neural Networks (ICANN'94)",
    volume       = "I",
    year         = "1994",
    address      = "London, UK",
    publisher    = "Springer"
}

@proceedings{ICANN94-II,
    key          = "ICANN94-II",
    editor       = "Maria Marinaro and Pietro G. Morasso",
    title        = "Proceedings of the International Conference on Artificial
                    Neural Networks (ICANN'94)",
    booktitle    = "Proceedings of the International Conference on Artificial
                    Neural Networks (ICANN'94)",
    volume       = "II",
    year         = "1994",
    address      = "London, UK",
    publisher    = "Springer"
}


% ICGA

@proceedings{ICGA85,
    key          = "ICGA85",
    editor       = "John J. Grefenstette",
    title        = "Proceedings of the First International Conference on
                    Genetic Algorithms and Their Applications (ICGA'85)",
    booktitle    = "Proceedings of the First International Conference on
                    Genetic Algorithms and Their Applications (ICGA'85)",
    address      = "Pittsburgh, PA",
    organization = "Carnegie--Mellon University",
    month        = jul # " 24--26",
    year         = 1985,
    publisher    = "Lawrence Erlbaum Associates (Hillsdale, NJ, 1988)",
    owner        = "IBib"
}

@proceedings{ICGA87,
    key          = "ICGA87",
    editor       = "John J. Grefenstette",
    title        = "Proceedings of the Second International Conference on
                    Genetic Algorithms and Their Applications (ICGA'87)",
    booktitle    = "Proceedings of the Second International Conference on
                    Genetic Algorithms and Their Applications (ICGA'87)",
    address      = "Cambridge, MA",
    organization = "Massachusetts Institute of Technology",
    month        = jul # " 28--31",
    year         = 1987,
    publisher    = "Lawrence Erlbaum Associates (Hillsdale, NJ, 1987)",
    owner        = "IBib"
}

@proceedings{ICGA89,
    key          = "ICGA89",
    editor       = "James David Schaffer",
    title        = "Proceedings of the Third International Conference on
                    Genetic Algorithms (ICGA'89), Jul 4--7",
    booktitle    = "Proceedings of the Third International Conference on
                    Genetic Algorithms (ICGA'89), Jul 4--7",
    organization = "George Mason University",
    year         = 1989,
    publisher    = "Morgan Kaufmann Publishers, Inc.",
    address      = "San Mateo, CA",
    owner        = "IBib"
}

@proceedings{ICGA91,
    key          = "ICGA91",
    editor       = "Richard K. Belew and Lashon B. Booker",
    title        = "Proceedings of the Fourth International Conference on
                    Genetic Algorithms (ICGA'91)",
    booktitle    = "Proceedings of the Fourth International Conference on
                    Genetic Algorithms (ICGA'91)",
    address      = "University of California, San Diego, CA, USA",
    month        = jul # " 13--16",
    year         = 1991,
    publisher    = "Morgan Kaufmann Publishers (San Mateo, CA, 1991)",
    owner        = "IBib"
}

@proceedings{ICGA93,
    key          = "ICGA93",
    editor       = "Stephanie Forrest",
    title        = "Proceedings of the Fifth International Conference on
                    Genetic Algorithms (ICGA'93)",
    booktitle    = "Proceedings of the Fifth International Conference on
                    Genetic Algorithms (ICGA'93)",
    address      = "Illinois",
    month        = jul # " 17--21",
    year         = 1993,
    organization = "University of Illinois at Urbana Champaign",
    publisher    = "Morgan Kaufmann Publishers (San Mateo, CA, 1993)",
    owner        = "IBib"
}

@proceedings{ICGA95,
    key          = "ICGA95",
    editor       = "Larry J. Eshelman",
    title        = "Proceedings of the Sixth International Conference on
                    Genetic Algorithms (ICGA'95)",
    booktitle    = "Proceedings of the Sixth International Conference on
                    Genetic Algorithms (ICGA'95)",
    address      = "Pittsburgh",
    month        = jul # " 15--19",
    year         = 1995,
    organization = "University of Pittsburgh",
    publisher    = "Morgan Kaufmann Publishers (San Francisco, CA, 1995)",
    owner        = "Be 2-1995 Ibib"
}


% Foundations of Genetic Algorithms

@book{FOGA91,
    key          = "FOGA91",
    editor       = "Gregory. J. E. Rawlins",
    title        = "Foundations of Genetic Algorithms",
    booktitle    = "Foundations of Genetic Algorithms",
    publisher    = "Morgan Kaufmann Publishers",
    address      = "San Mateo, CA",
    year         = 1991,
    note         = "The first workshop on the foundations of genetic algorithms
                    and classifier systems (FOGA/CS-90) was held July 15-18,
                    1990 on the Bloomington campus of Indiana University",
    owner        = "IBib"
}

@proceedings{FOGA93,
    key          = "FOGA93",
    editor       = "Darrell Whitley",
    title        = "Foundations of Genetic Algorithms 2",
    booktitle    = "Foundations of Genetic Algorithms 2",
    publisher    = "Morgan Kaufmann Publishers",
    address      = "San Mateo, CA",
    year         = 1993,
    note         = "(FOGA) July 26-29 1992 in Vail, Colorado",
    owner        = "IBib"
}


% PPSN

% "Parallel Problem Solving from Nature - Proceedings of 1st Workshop, PPSN 1"
@proceedings{PPSN91,
    key          = "PPSN91",
    editor       = "Hans-Paul Schwefel and Reinhart M{\"a}nner",
    title        = "Proceedings of the First Conference on Parallel Problem 
                    Solving from Nature",
    booktitle    = "Proceedings of the First Conference on Parallel Problem 
                    Solving from Nature",
    year         = 1991,
    month        = oct # " 1--3",
    publisher    = "Springer-Verlag (Berlin)",
    address      = "Dortmund, Germany",
    volume       = 496,
    series       = "Lecture Notes in Computer Science",
    owner        = "IBib"
}

@proceedings{PPSN92,
    key          = "PPSN92",
    editor       = "Reinhart M{\"{a}}nner and Bernhard Manderick",
    title        = "Parallel Problem Solving from Nature, 2",
    booktitle    = "Parallel Problem Solving from Nature, 2",
    year         = 1992,
    publisher    = "North-Holland, (c) Elsevier Science Publishers",
    address      = "Amsterdam",
    owner        = "IBib, Ge 13-2",
    note         = "Proceedings of the Second Conference on Parallel Problem 
                    Solving from Nature (PPSN-92), Brussels, Belgium, 28-30
                    September 1992",
}

@proceedings{PPSN94,
    key          = "PPSN94",
    editor       = "Yuval Davidor and Hans-Paul Schwefel and Reinhard
                    M{\"{a}}nner",
    title        = "Parallel Problem Solving from Nature -- PPSN III",
    booktitle    = "Parallel Problem Solving from Nature -- PPSN III",
    year         = 1994,
    publisher    = "Springer-Verlag",
    address      = "Berlin",
    owner        = "IBib, Be 4",
    note         = "International Conference on Evolutionary Computation,
                    The Third Conference on Parallel Problem Solving from
                    Nature, Jerusalem, Israel, October 9-14, 1994,
                    Proceedings"
}

% Santa Fe Institute

@proceedings{Casdagli:92,
    editor       = "Martin Casdagli and Stephan Eubank",
    title        = "Nonlinear Modelling and Forecasting",
    booktitle    = "Nonlinear Modelling and Forecasting",
    series       = "Santa Fe Institute Studies in the Science of Complexity",
    volume       = "XII",
    publisher    = "Addison Wesley",
    address      = "Reading, Massachusetts",
    year         = 1992,
    note         = "Workshop was held September, 1990 in Santa Fe, New Mexico"
}

